%% This BibTeX bibliography file was created using BibDesk.
%% http://bibdesk.sourceforge.net/
@misc{darkSide,
    author = {Nicolas T. Courtois},
    title = {The Dark Side of Security by Obscurity and Cloning MiFare Classic Rail and Building Passes Anywhere, Anytime},
    howpublished = {Cryptology ePrint Archive, Report 2009/137},
    year = {2009},
    note = {\url{http://eprint.iacr.org/}},
}

@incollection {integratingTechnology,
   author = {Müller-Tomfelde, Christian and Kunz, Andreas and Fjeld, Morten},
   affiliation = {Swiss Federal Institute of Technology Department of Mechanical and Process Engineering CH-8092 Zurich Switzerland},
   title = {From Table–System to Tabletop: Integrating Technology into Interactive Surfaces},
   booktitle = {Tabletops - Horizontal Interactive Displays},
   series = {Human–Computer Interaction Series},
   editor = {Müller-Tomfelde, Christian},
   publisher = {Springer London},
   isbn = {978-1-84996-113-4},
   keyword = {Computer Science},
   pages = {51-69},
   url = {\url{http://dx.doi.org/10.1007/978-1-84996-113-4\_3}},
   note = {10.1007/978-1-84996-113-4\_3},
   year = {2010}
}